<record><leader>00000cas a2200000 a 4500</leader><controlfield tag="001">10176419</controlfield><controlfield tag="008">831201d18381843msudn ne      0    0eng  </controlfield><datafield ind1=" " ind2=" " tag="010"><subfield code="a">sn 83016857 </subfield></datafield><datafield ind1=" " ind2=" " tag="040"><subfield code="a">DLC</subfield><subfield code="b">eng</subfield><subfield code="c">DLC</subfield><subfield code="d">PPM</subfield><subfield code="d">MSJ</subfield><subfield code="d">LNP</subfield><subfield code="d">OCL</subfield><subfield code="d">CUI</subfield><subfield code="d">OCLCQ</subfield><subfield code="d">OCLCF</subfield><subfield code="d">OCLCA</subfield></datafield><datafield ind1="1" ind2=" " tag="029"><subfield code="a">AU@</subfield><subfield code="b">000025784877</subfield></datafield><datafield ind1=" " ind2=" " tag="042"><subfield code="a">pcc</subfield></datafield><datafield ind1=" " ind2=" " tag="043"><subfield code="a">n-us-ms</subfield></datafield><datafield ind1="0" ind2="0" tag="050"><subfield code="a">Newspaper 8525-X</subfield></datafield><datafield ind1=" " ind2="4" tag="050"><subfield code="a">AN</subfield></datafield><datafield ind1="0" ind2="0" tag="245"><subfield code="a">Mississippi free trader and Natchez daily gazette.</subfield></datafield><datafield ind1="1" ind2="7" tag="246"><subfield code="a">Mississippi daily free trader</subfield></datafield><datafield ind1=" " ind2=" " tag="260"><subfield code="a">Natchez, Miss. :</subfield><subfield code="b">Besancon &amp; Haliday,</subfield><subfield code="c">1838-1843.</subfield></datafield><datafield ind1=" " ind2=" " tag="300"><subfield code="a">v. :</subfield><subfield code="b">ill. (chiefly advertisements) ;</subfield><subfield code="c">69 cm.</subfield></datafield><datafield ind1=" " ind2=" " tag="310"><subfield code="a">Daily (except Sun.)</subfield></datafield><datafield ind1="0" ind2=" " tag="362"><subfield code="a">Vol. 1, no. 1 (Jan. 1, 1838)-v. 6, no. 198 (Aug. 23, 1843).</subfield></datafield><datafield ind1=" " ind2=" " tag="500"><subfield code="a">Publisher: T.A.S. Doniphan, 1842.</subfield></datafield><datafield ind1=" " ind2=" " tag="580"><subfield code="a">Published also in a weekly edition called: Mississippi free trader and Natchez weekly gazette.</subfield></datafield><datafield ind1=" " ind2="0" tag="651"><subfield code="a">Natchez (Miss.)</subfield><subfield code="v">Newspapers.</subfield></datafield><datafield ind1=" " ind2="0" tag="651"><subfield code="a">Adams County (Miss.)</subfield><subfield code="v">Newspapers.</subfield></datafield><datafield ind1=" " ind2="7" tag="655"><subfield code="a">Newspapers.</subfield><subfield code="2">fast</subfield><subfield code="0">(OCoLC)fst01423814</subfield></datafield><datafield ind1=" " ind2="7" tag="651"><subfield code="a">Mississippi</subfield><subfield code="z">Adams County.</subfield><subfield code="2">fast</subfield><subfield code="0">(OCoLC)fst01214708</subfield></datafield><datafield ind1=" " ind2="7" tag="651"><subfield code="a">Mississippi</subfield><subfield code="z">Natchez.</subfield><subfield code="2">fast</subfield><subfield code="0">(OCoLC)fst01204961</subfield></datafield><datafield ind1=" " ind2=" " tag="752"><subfield code="a">United States</subfield><subfield code="b">Mississippi</subfield><subfield code="c">Adams</subfield><subfield code="d">Natchez.</subfield></datafield><datafield ind1="1" ind2=" " tag="775"><subfield code="t">Mississippi free trader and Natchez weekly gazette</subfield><subfield code="w">(OCoLC)15984630</subfield></datafield><datafield ind1="0" ind2="8" tag="776"><subfield code="i">Online version:</subfield><subfield code="t">Mississippi free trader and Natchez daily gazette (Online)</subfield><subfield code="w">(OCoLC)656284323</subfield></datafield><datafield ind1="0" ind2="0" tag="780"><subfield code="t">Mississippi free trader and Natchez triweekly gazette</subfield><subfield code="w">(OCoLC)15914254</subfield></datafield><datafield ind1="0" ind2="0" tag="785"><subfield code="t">Mississippi free trader and Natchez gazette (Natchez, Miss. : 1843)</subfield><subfield code="w">(DLC)sn 83016919</subfield><subfield code="w">(OCoLC)10204873</subfield></datafield></record>